<?xml version="1.0" encoding="UTF-8"?><record xmlns="http://www.loc.gov/MARC21/slim" xmlns:cinclude="http://apache.org/cocoon/include/1.0" xmlns:zs="http://www.loc.gov/zing/srw/">
  <leader>00428nz  a2200133n  4500</leader>
  <controlfield tag="001">no2010143633</controlfield>
  <controlfield tag="003">DLC</controlfield>
  <controlfield tag="005">20100904075300.0</controlfield>
  <controlfield tag="008">100902n| acannaabn          |n aaa     c</controlfield>
  <datafield tag="010" ind1=" " ind2=" ">
    <subfield code="a">no2010143633</subfield>
  </datafield>
  <datafield tag="035" ind1=" " ind2=" ">
    <subfield code="a">(OCoLC)oca08613084</subfield>
  </datafield>
  <datafield tag="040" ind1=" " ind2=" ">
    <subfield code="a">TxHU</subfield>
    <subfield code="b">eng</subfield>
    <subfield code="c">TxHU</subfield>
  </datafield>
  <datafield tag="100" ind1="1" ind2=" ">
    <subfield code="a">Shafer, Keith</subfield>
  </datafield>
  <datafield tag="670" ind1=" " ind2=" ">
    <subfield code="a">His Warm hymns for cold days [SR], p2002:</subfield>
    <subfield code="b">label (Keith. Shafer on the Casavant pipe organ, opus 2900, at historic Saint Paul's Church))</subfield>
  </datafield>
</record>